% This file was created with JabRef 2.10.
% Encoding: UTF8

@Book{AoE,
  Title                    = {The Art of Electronics},
  Address                  = {New York, USA},
  Author                   = {Paul Horowitz AND Winfield Hill},
  ISBN                     = {978-0-521-80926-9},
  Publisher                = {Cambridge University Press},
  Year                     = {2015},

  Edition                  = {3.},

  Owner                    = {Jakob},
  Timestamp                = {2015.12.08}
}

@Book{Tanenbaum2013,
  Title                    = {Structured Computer Organization},
  Author                   = {Andrew S. Tanenbaum AND Todd Austin},
  ISBN                     = {978-0-13-291652-3},
  Publisher                = {Pearson Education},
  Year                     = {2013},

  Edition                  = {6th},

  Owner                    = {Jakob}
}

@Book{chu2008,
  Title                    = {FPGA Prototyping by VHDL Examples},
  Author                   = {Pong P. Chu},
  ISBN                     = {978-0-470-18531-5},
  Publisher                = {John Wiley \& Sons, Inc.},
  Year                     = {2008},

  Edition                  = {1.},

  Owner                    = {Niclas}
}

@Book{wibubog,
  Title                    = {From GSM to LTE},
  Author                   = {Martin Sauter},
  ISBN                     = {978-1-118-86193-6},
  Publisher                = {John Wiley \& Sons, Inc.},
  Year                     = {2014},

  Edition                  = {2.},

  Owner                    = {Daniel}
}

@Book{Bluetooth4.0bog,
  Title                    = {m-Health: Fundamentals and applications},
  Author                   = {Robert S.H. Istepanian AND Bryan Woodward},
  ISBN                     = {978-1-118-49698-5},
  Publisher                = {John Wiley \& Sons, Inc.},
  Year                     = {2016},

  Edition                  = {1.},

  Owner                    = {Daniel}
}
