% Encoding: UTF-8

@Manual{Datablad,
  Title                    = {Titel},
  Author                   = {Datablad},
  Publisher                = {Udgivet af},
  Year                     = {Ã…r},
  Revision                 = {Revisionsnummer},

  Owner                    = {Jakob},
  Timestamp                = {2015.09.11}
}

@Manual{Papilio_DUO,
  Title                    = {Papilio Hardware Index},
  Author                   = {{Gadget Factory}},
  Publisher                = {Gadget Factory},
  Year                     = {2016},
  Revision                 = {1.0},
  Url                      = {http://papilio.cc/index.php?n=Papilio.Hardware},

  Owner                    = {Alexander}
}

@Manual{Spartan6_FPGA,
  title =     {Spartan 6 XC6SLX9 datasheet},
  author =    {Xilinx},
  year =      {2011},
  owner =     {Martin},
  publisher = {Xilinx},
  revision =  {2.0},
  timestamp = {2016.04.01},
  url =       {http://www.xilinx.com/support/documentation/data_sheets/ds160.pdf}
}


@Manual{AmbrogioL60B,
	Title                    = {Ambrogio L60B Data sheet},
	Author                   = {{Ambrogio Robot}}, 
	Publisher                = {Ambrogio},
	Year                     = {2013},
	Revision              = {December 2013},
	Url                      = {http://www.ambrogiorobot.com/images/uploads/manuals/2014-01-20-L60_V.4.0EU_EN.pdf},
		Lastvisit                = {16 September 2016},
	
	Owner                    = {Jonas},
}

@Manual{HC-SR04,
	Title                    = {Ultrasonic Ranging Module HC-SR04},
	Author                   = {{Elec Freaks}},
	Lastvisit                = {3 November 2016},
	Publisher                = {{Elec Freaks}},
	Url                      = {http://www.micropik.com/PDF/HCSR04.pdf},
	Year                     = {2011},
	Revision                 = {11 May 2011},
	
	Owner                    = {Jakob},
	Timestamp                = {2016.11.10}
}

@Manual{AmbrogioL400Elite,
	Title                    = {Ambrogio L400 Elite User Manual},
	Author                   = {{Ambrogio Robot}}, 
	Publisher                = {Ambrogio},
	Year                     = {2015},
	Revision                 = {October 2015},
	Url                      = {http://www.ambrogiorobot.com/images/uploads/manuals/L400_EN.pdf},
    Lastvisit                = {16 September 2016},
	Owner                    = {Jonas},
	
}

@Manual{drv8704,
	Title                    = {DRV870452-VDual H-BridgePWMGateDriver},
	Author                   = {{Texas Instruments}}, 
	Publisher                = {Texas Instruments},
	Year                     = {2015},
	Revision                 = {October 2015},
	Url                      = {http://www.ti.com/lit/ds/symlink/drv8704.pdf},
    Lastvisit                = {16 December 2016},
	Owner                    = {Jonas},
}

@Manual{TS7805,
	Title                    = {3-Terminal Fixed Positive Voltage Regulators},
	Author                   = {{STC}}, 
	Publisher                = {STC},
	Year                     = {2003},
	Revision                 = {March 2003},
	Url                      = {https://www.modmypi.com/download/TS7805CZ.pdf},
    Lastvisit                = {16 December 2016},
	Owner                    = {Jonas},
}


@Manual{RKJXL,
	Title                    = {8-directional Stick Switch (with Center-push Function)},
	Author                   = {{ALPS}}, 
	Publisher                = {ALPS},
	Year                     = {2015},
	Revision                 = {June 2015},
	Url                      = {http://www.alps.com/prod/info/E/PDF/MultiControl/Switch/RKJXL/RKJXL.PDF},
    Lastvisit                = {19 December 2016},
	Owner                    = {Mads},
}


@Manual{Krick,
  Title                    = {Krick MAXgear 50:1 42278},
  Author                   = {{Krick}},
  Year                     = {n.d.},
  Publisher                = {Krick},
  Owner                    = {Jonas},
  Revision                 = {},
}