% This file was created with JabRef 2.10.
% Encoding: UTF8


@Article{Avisartikel,
  Title                    = {Titel},
  Author                   = {Avisartikel},
  Issue                    = {Nummer},
  Journal                  = {Avis},
  Pages                    = {Sidenummer},
  Volume                   = {Årgang},
  Year                     = {År},

  HowPublished             = {Hvis det er en online artikel skrives der "Online" her.},
  Institution              = {Udfyldes ikke},
  Lastvisit                = {Sidste besøg på websiden.},
  Url                      = {Link},

  Owner                    = {Jakob},
  Timestamp                = {2015.09.11}
}

