% Encoding: UTF-8


@Misc{coustii,
  Title			   = {Guitarâ€™s Anatomy: Parts of an Electric Guitar},
  Author		   = {Coustii},
  HowPublished		   = {Website},
  Year			   = {2017},
  Lastvisit		   = {7 february 2017},
  Publisher		   = {Coustii},
  Url			   = {https://coustii.com/parts-of-an-electric-guitar/},
  Owner			   = {Sebastian},
}








